<?xml version="1.0" encoding="UTF-8"?><collection xmlns="http://www.loc.gov/MARC21/slim"><record><leader>00452nam--2200157-i-4500</leader><controlfield tag="001">000028363</controlfield><controlfield tag="002">20161230</controlfield><controlfield tag="005">20170111233224</controlfield><controlfield tag="008">060222s1000------------r-----000-0-eng-d</controlfield><datafield ind1=" " ind2=" " tag="080"><subfield code="a">548.7(043)</subfield></datafield><datafield ind1=" " ind2=" " tag="100"><subfield code="a">Lemercier, Claude</subfield></datafield><datafield ind1=" " ind2=" " tag="245"><subfield code="a">Proprietes electriques et photoelectriques des monocristaux de selenium trigonal</subfield><subfield code="b">These</subfield></datafield><datafield ind1=" " ind2=" " tag="260"><subfield code="a">Paris</subfield><subfield code="b">Faculte Des Sciences</subfield><subfield code="c">1971</subfield></datafield><datafield ind1=" " ind2=" " tag="300"><subfield code="a">223 p.+ A21</subfield></datafield><datafield ind1=" " ind2=" " tag="852"><subfield code="a">77762</subfield></datafield><datafield ind1=" " ind2=" " tag="CAT"><subfield code="a">SYS</subfield><subfield code="c">20170111</subfield><subfield code="h">233224</subfield></datafield></record></collection>